<?xml version="1.0" encoding="UTF-8"?><collection xmlns="http://www.loc.gov/MARC21/slim"><record><leader>00397nam--2200145-i-4500</leader><controlfield tag="001">000047672</controlfield><controlfield tag="002">20161230</controlfield><controlfield tag="005">20170117235059</controlfield><controlfield tag="008">060222s1000------------r-----000-0-eng-d</controlfield><datafield ind1=" " ind2=" " tag="080"><subfield code="a">061.62(083.81)</subfield></datafield><datafield ind1=" " ind2=" " tag="245"><subfield code="a">The world of learning 1977-1978. Vol. 1. International</subfield></datafield><datafield ind1=" " ind2=" " tag="260"><subfield code="a">London</subfield><subfield code="b">Europa Publication Limited</subfield><subfield code="c">1977</subfield></datafield><datafield ind1=" " ind2=" " tag="300"><subfield code="a">XV + 1042 p</subfield></datafield><datafield ind1=" " ind2=" " tag="852"><subfield code="a">D.1376</subfield></datafield><datafield ind1=" " ind2=" " tag="CAT"><subfield code="a">SYS</subfield><subfield code="c">20170117</subfield><subfield code="h">235059</subfield></datafield></record></collection>